@techreport{ISO14977,
type = {Standard},
key = {ISO/IEC 14977:1996(E)},
month = dec,
year = {1996},
title = {{Information technology - Syntactic metalanguage - Extended BNF}},
volume = {1996},
address = {Geneva, CH},
institution = {International Organization for Standardization}
}
@book{fluxionname, place={London}, title={the Method of Fluxions and Infinite Series: With Its Application to the Geometry of Curve-lines}, url={https://archive.org/details/methodoffluxions00newt/page/n3/mode/2up?q=fluxion}, journal={Internet Archive}, publisher={Printed by Henry Woodfall; and sold by John Nourse}, author={Newton, Isaac}, editor={Colson, JohnTranslator}, year={1736}}
}
@misc{collins, title={fluxion}, url={https://www.collinsdictionary.com/dictionary/english/fluxion}, journal={Collins English Dictionary}, author={Collins English Dictionary}
}
@MISC {stack,
    TITLE = {Complex numbers as exponents},
    AUTHOR = {robjohn (https://math.stackexchange.com/users/13854/robjohn)},
    HOWPUBLISHED = {Mathematics Stack Exchange},
    NOTE = {URL:https://math.stackexchange.com/q/1859299 (version: 2016-07-14)},
    EPRINT = {https://math.stackexchange.com/q/1859299},
    URL = {https://math.stackexchange.com/q/1859299}
}